@book{hac96,
  title={Handbook of Applied Cryptography},
  author={Menezes, A.J. and Katz, J. and van Oorschot, P.C. and Vanstone, S.A.},
  isbn={9781439821916},
  lccn={96027609},
  series={Discrete Mathematics and Its Applications},
  url={https://books.google.cz/books?id=MhvcBQAAQBAJ},
  year={1996},
  publisher={CRC Press}
}

@book{itmc14,
  title={Introduction to Modern Cryptography, Second Edition},
  author={Katz, J. and Lindell, Y.},
  isbn={9781466570269},
  lccn={2014039042},
  series={Chapman \& Hall/CRC Cryptography and Network Security Series},
  url={https://books.google.cz/books?id=OWZYBQAAQBAJ},
  year={2014},
  publisher={Taylor \& Francis}
}

@online {nistpasswords,
title={NIST Special Publication 800-63B},
subtitle={Digital identity guidelines - Authentication and Lyfecycle management},
author={Grassi, Paul A. and Fenton, James L. and Newton, Elaine M. and Perlner, RAy A. and Regenscheid, Andrew R. and Burr, William E. and Richer, Justin P. and Lefkovitz, Naomi B. and Danker, Jamie M. and Choong, Yee-Yin and Greene, Kristen K. and Theofanos, Mary F.},
month=6,
year=2017,
url={https://doi.org/10.6028/NIST.SP.800-63b},
urldate={2018-10-25},
}

@online{sanspasswordguidelines,
title={Password construction guidelines},
author={{SANS Institute}},
month=10,
year=2017,
url={https://www.sans.org/security-resources/policies/general/pdf/password-construction-guidelines},
urldate={2018-10-25},
}

@manual  {luks1,
title={LUKS1 On-Disk Format Specification},
version={1.2.3},
author={Fruhwirth, Clemens},
date={2018-01-20},
url={https://gitlab.com/cryptsetup/cryptsetup/wikis/LUKS-standard/on-disk-format.pdf},
urldate={2018-09-18},
}

@manual {luks2,
title={LUKS2 On-Disk Format Specification},
version={1.0.0},
author={Broz, Milan},
date={2018-08-02},
url={https://gitlab.com/cryptsetup/cryptsetup/blob/a1b606803f6d50e0476867fe9d284399504559a3/docs/on-disk-format-luks2.pdf},
urldate={2018-09-17},
}

   @techreport{rfc8018,
   AUTHOR = {Kaliski, Burt and Rush, Andreas},
editor={Moriarty, Kathleen M.},
   TITLE = {PKCS #5: Password-Based Cryptography Specification},
   HOWPUBLISHED = {Internet Requests for Comments},
   TYPE={RFC},
   NUMBER=8018,
   PAGES = 40,
   YEAR = 2017,
   MONTH = 1,
   ISSN = {2070-1721},
   PUBLISHER = {RFC Editor},
   INSTITUTION = {RFC Editor},
   URL={https://tools.ietf.org/html/rfc8018},
urldate={2018-10-28},
   }

 @thesis{mosnacek,
AUTHOR = {MOSNÁČEK, Ondrej},
TITLE = {Key derivation functions and their GPU implementations},
YEAR = 2015,
TYPE = {Bachelor thesis},
institution = {Masaryk university, Faculty of informatics, Brno},
SUPERVISOR = {Milan Brož},
URL = {https://is.muni.cz/th/sah52},
urldate={2018-09-05},
}

@manual {veracrypt,
title={VeraCrypt - Free Open source disk encryption with strong security for the Paranoid},
author={{IDRIX}},
url={https://www.veracrypt.fr/en/Header%20Key%20Derivation.html},
urldate={2018-10-28},
note={Veracrypt Documentation - Header Key Derivation, Salt, and Iteration Count},
}

@manual{ciphershed,
title={           CIPHERSHED - SECURE ENCRYPTION SOFTWARE},
author={{CipherShed Project}},
version={0.7.3.0},
date={2014-12-19},
url={https://github.com/CipherShed/CipherShed/raw/v0.7.3.0-dev/doc/userdocs/guide/CipherShed-User-Guide-0.7.3.0.pdf},
urldate={2018-10-28},
}

@online {filevault,
title={   Unlocking FileVault - An analysis of Apple's disk encryption system},
author={Appelbaum, Jacob and Weinman, Ralf-Philipp},
date={2006-12-29},
url={https://events.ccc.de/congress/2006/Fahrplan/attachments/1244-23C3VileFault.pdf},
urldate={2018-10-28},
}

@online {pbkdf2usage,
    author = {Wikipedia contributors},
    title = {List of PBKDF2 implementations --- {Wikipedia}{,} The Free Encyclopedia},
    year = 2018,
    url = {https://en.wikipedia.org/w/index.php?title=List_of_PBKDF2_implementations&oldid=863291654},
    urldate={2018-10-28},
}

@online {phc,
title={Password Hashing Competition},
author={Aumasson, Jean-Philippe},
url={https://password-hashing.net/},
date={2015-12-06},
urldate={2018-09-08},
}

@article{newmethods,
author = {Fruhwirth, Clemens},
year = 2005,
month = 8,
title = {New methods in hard disk encryption},
url ={http://clemens.endorphin.org/nmihde/nmihde-A4-os.pdf},
urldate={2018-10-03},
}
